<record><leader>00000cas a2200000 a 4500</leader><controlfield tag="001">2704321</controlfield><controlfield tag="008">770127d18611863aludn ne      0   a0eng  </controlfield><datafield ind1=" " ind2=" " tag="010"><subfield code="a">sn 84020066 </subfield><subfield code="z">   76646594 </subfield></datafield><datafield ind1=" " ind2=" " tag="040"><subfield code="a">DLC</subfield><subfield code="b">eng</subfield><subfield code="c">DLC</subfield><subfield code="d">NPX</subfield><subfield code="d">DLC</subfield><subfield code="d">NPU</subfield><subfield code="d">NPY</subfield><subfield code="d">NPA</subfield><subfield code="d">DLC</subfield><subfield code="d">NPH</subfield><subfield code="d">CPN</subfield><subfield code="d">NYS</subfield><subfield code="d">YOX</subfield><subfield code="d">NVF</subfield><subfield code="d">MGN</subfield><subfield code="d">CNK</subfield><subfield code="d">CNW</subfield><subfield code="d">NVF</subfield><subfield code="d">NVK</subfield><subfield code="d">FUG</subfield><subfield code="d">NVF</subfield><subfield code="d">CVF</subfield><subfield code="d">NVK</subfield><subfield code="d">OCL</subfield><subfield code="d">NVF</subfield><subfield code="d">OCLCQ</subfield><subfield code="d">OCLCG</subfield><subfield code="d">CRL</subfield><subfield code="d">KRTAS</subfield><subfield code="d">OCLCQ</subfield><subfield code="d">OCLCF</subfield></datafield><datafield ind1="1" ind2=" " tag="029"><subfield code="a">AU@</subfield><subfield code="b">000020417328</subfield></datafield><datafield ind1=" " ind2=" " tag="042"><subfield code="a">pcc</subfield></datafield><datafield ind1=" " ind2=" " tag="043"><subfield code="a">n-us-al</subfield></datafield><datafield ind1="0" ind2="0" tag="050"><subfield code="a">Newspaper 7017</subfield></datafield><datafield ind1="0" ind2="0" tag="245"><subfield code="a">Mobile advertiser and register.</subfield></datafield><datafield ind1="1" ind2=" " tag="246"><subfield code="i">Alternately published as:</subfield><subfield code="a">Mobile register and advertiser</subfield></datafield><datafield ind1="1" ind2="3" tag="246"><subfield code="a">Advertiser &amp; register</subfield></datafield><datafield ind1="1" ind2="3" tag="246"><subfield code="a">Register &amp; advertiser</subfield></datafield><datafield ind1="1" ind2="7" tag="246"><subfield code="a">Advertiser and register</subfield></datafield><datafield ind1="1" ind2="7" tag="246"><subfield code="a">Register and advertiser</subfield></datafield><datafield ind1=" " ind2=" " tag="260"><subfield code="a">[Mobile, Ala.] :</subfield><subfield code="b">W.G. Clark &amp; Co.,</subfield><subfield code="c">-1863.</subfield></datafield><datafield ind1=" " ind2=" " tag="300"><subfield code="a">v.</subfield></datafield><datafield ind1=" " ind2=" " tag="310"><subfield code="a">Daily (except Monday)</subfield></datafield><datafield ind1="1" ind2=" " tag="362"><subfield code="a">Began in 1861.</subfield></datafield><datafield ind1="0" ind2=" " tag="362"><subfield code="a">-v. 31, no. 62 (June 6, 1863) = -v. 34, no. 211.</subfield></datafield><datafield ind1=" " ind2=" " tag="500"><subfield code="a">Editor: J. Forsyth.</subfield></datafield><datafield ind1=" " ind2=" " tag="530"><subfield code="a">Also issued on microfilm by Micro Photo Div., Bell &amp; Howell Co.</subfield></datafield><datafield ind1=" " ind2=" " tag="580"><subfield code="a">Weekly eds.: Mobile weekly advertiser (Mobile, Ala. : 1852), 1861-&lt;1862&gt;, and: Weekly advertiser and register, 1863.</subfield></datafield><datafield ind1=" " ind2=" " tag="588"><subfield code="a">Description based on: Vol. 29, no. 56 (June 5, 1861) = v. 32, no. 210.</subfield></datafield><datafield ind1=" " ind2=" " tag="588"><subfield code="a">Latest issue consulted: Vol. 29, no. 181 (Oct. 31, 1861) = v. 33, no. 27.</subfield></datafield><datafield ind1=" " ind2="0" tag="651"><subfield code="a">Mobile (Ala.)</subfield><subfield code="v">Newspapers.</subfield></datafield><datafield ind1=" " ind2="0" tag="651"><subfield code="a">Mobile County (Ala.)</subfield><subfield code="v">Newspapers.</subfield></datafield><datafield ind1=" " ind2="7" tag="655"><subfield code="a">Newspapers.</subfield><subfield code="2">fast</subfield><subfield code="0">(OCoLC)fst01423814</subfield></datafield><datafield ind1=" " ind2="7" tag="651"><subfield code="a">Alabama</subfield><subfield code="z">Mobile.</subfield><subfield code="2">fast</subfield><subfield code="0">(OCoLC)fst01206367</subfield></datafield><datafield ind1=" " ind2="7" tag="651"><subfield code="a">Alabama</subfield><subfield code="z">Mobile County.</subfield><subfield code="2">fast</subfield><subfield code="0">(OCoLC)fst01211225</subfield></datafield><datafield ind1="1" ind2=" " tag="700"><subfield code="a">Forsyth, John,</subfield><subfield code="d">1812-1877.</subfield></datafield><datafield ind1=" " ind2=" " tag="752"><subfield code="a">United States</subfield><subfield code="b">Alabama</subfield><subfield code="c">Mobile</subfield><subfield code="d">Mobile.</subfield></datafield><datafield ind1="1" ind2=" " tag="775"><subfield code="t">Mobile weekly advertiser (Mobile, Ala. : 1852)</subfield><subfield code="w">(DLC)sn 84023532</subfield><subfield code="w">(OCoLC)10991909</subfield></datafield><datafield ind1="1" ind2=" " tag="775"><subfield code="t">Weekly advertiser and register</subfield><subfield code="w">(DLC)sn 86072253</subfield><subfield code="w">(OCoLC)2626981</subfield></datafield><datafield ind1="0" ind2="4" tag="780"><subfield code="t">Mobile daily advertiser</subfield><subfield code="w">(DLC)sn 85025915</subfield><subfield code="w">(OCoLC)2627328</subfield></datafield><datafield ind1="0" ind2="4" tag="780"><subfield code="t">Mobile daily register (Mobile, Ala. : 1849)</subfield><subfield code="w">(DLC)sn 84020567</subfield><subfield code="w">(OCoLC)4066337</subfield></datafield><datafield ind1="0" ind2="0" tag="785"><subfield code="t">Mobile daily advertiser and register (Mobile, Ala. : 1863)</subfield><subfield code="w">(DLC)sn 84020195</subfield><subfield code="w">(OCoLC)2712431</subfield></datafield><datafield ind1=" " ind2=" " tag="938"><subfield code="a">Kirtas Technologies, Inc.</subfield><subfield code="b">KRTS</subfield><subfield code="n">735769</subfield></datafield></record>